%YAML 1.1
%TAG !u! tag:unity3d.com,2011:
--- !u!1001 &100100000
Prefab:
  m_ObjectHideFlags: 1
  serializedVersion: 2
  m_Modification:
    m_TransformParent: {fileID: 0}
    m_Modifications: []
    m_RemovedComponents: []
  m_SourcePrefab: {fileID: 0}
  m_RootGameObject: {fileID: 1885612874449320}
  m_IsPrefabAsset: 1
--- !u!1 &1140437672579288
GameObject:
  m_ObjectHideFlags: 1
  m_CorrespondingSourceObject: {fileID: 0}
  m_PrefabInternal: {fileID: 100100000}
  serializedVersion: 6
  m_Component:
  - component: {fileID: 4446513917398760}
  m_Layer: 9
  m_Name: Bird_LeftWing_Pivot
  m_TagString: Untagged
  m_Icon: {fileID: 0}
  m_NavMeshLayer: 0
  m_StaticEditorFlags: 0
  m_IsActive: 1
--- !u!1 &1227056834490962
GameObject:
  m_ObjectHideFlags: 1
  m_CorrespondingSourceObject: {fileID: 0}
  m_PrefabInternal: {fileID: 100100000}
  serializedVersion: 6
  m_Component:
  - component: {fileID: 4591304311094006}
  m_Layer: 9
  m_Name: Bird_RightWing_Pivot
  m_TagString: Untagged
  m_Icon: {fileID: 0}
  m_NavMeshLayer: 0
  m_StaticEditorFlags: 0
  m_IsActive: 1
--- !u!1 &1306326364700384
GameObject:
  m_ObjectHideFlags: 1
  m_CorrespondingSourceObject: {fileID: 0}
  m_PrefabInternal: {fileID: 100100000}
  serializedVersion: 6
  m_Component:
  - component: {fileID: 4308962616171724}
  m_Layer: 9
  m_Name: Bird_LeftWing_Tip
  m_TagString: Untagged
  m_Icon: {fileID: 0}
  m_NavMeshLayer: 0
  m_StaticEditorFlags: 0
  m_IsActive: 1
--- !u!1 &1728423939758598
GameObject:
  m_ObjectHideFlags: 1
  m_CorrespondingSourceObject: {fileID: 0}
  m_PrefabInternal: {fileID: 100100000}
  serializedVersion: 6
  m_Component:
  - component: {fileID: 4562862654023574}
  m_Layer: 9
  m_Name: Bird_RightWing_Tip
  m_TagString: Untagged
  m_Icon: {fileID: 0}
  m_NavMeshLayer: 0
  m_StaticEditorFlags: 0
  m_IsActive: 1
--- !u!1 &1845023515905558
GameObject:
  m_ObjectHideFlags: 0
  m_CorrespondingSourceObject: {fileID: 0}
  m_PrefabInternal: {fileID: 100100000}
  serializedVersion: 6
  m_Component:
  - component: {fileID: 4901083197759006}
  m_Layer: 9
  m_Name: Bird_Root
  m_TagString: Untagged
  m_Icon: {fileID: 0}
  m_NavMeshLayer: 0
  m_StaticEditorFlags: 0
  m_IsActive: 1
--- !u!1 &1885612874449320
GameObject:
  m_ObjectHideFlags: 0
  m_CorrespondingSourceObject: {fileID: 0}
  m_PrefabInternal: {fileID: 100100000}
  serializedVersion: 6
  m_Component:
  - component: {fileID: 4473766335759312}
  - component: {fileID: 95413333490151184}
  - component: {fileID: 65241483581896376}
  - component: {fileID: 114440428579056082}
  - component: {fileID: 8123674492082032592}
  m_Layer: 9
  m_Name: Bird_Asset
  m_TagString: Untagged
  m_Icon: {fileID: 0}
  m_NavMeshLayer: 0
  m_StaticEditorFlags: 0
  m_IsActive: 1
--- !u!1 &1966440989657830
GameObject:
  m_ObjectHideFlags: 1
  m_CorrespondingSourceObject: {fileID: 0}
  m_PrefabInternal: {fileID: 100100000}
  serializedVersion: 6
  m_Component:
  - component: {fileID: 4147329728400426}
  m_Layer: 9
  m_Name: Bird_Body
  m_TagString: Untagged
  m_Icon: {fileID: 0}
  m_NavMeshLayer: 0
  m_StaticEditorFlags: 0
  m_IsActive: 1
--- !u!1 &1967739733260542
GameObject:
  m_ObjectHideFlags: 0
  m_CorrespondingSourceObject: {fileID: 0}
  m_PrefabInternal: {fileID: 100100000}
  serializedVersion: 6
  m_Component:
  - component: {fileID: 4755695456178752}
  - component: {fileID: 137124933187735666}
  m_Layer: 9
  m_Name: BirdRetop:polySurface1
  m_TagString: Untagged
  m_Icon: {fileID: 0}
  m_NavMeshLayer: 0
  m_StaticEditorFlags: 0
  m_IsActive: 1
--- !u!4 &4147329728400426
Transform:
  m_ObjectHideFlags: 1
  m_CorrespondingSourceObject: {fileID: 0}
  m_PrefabInternal: {fileID: 100100000}
  m_GameObject: {fileID: 1966440989657830}
  m_LocalRotation: {x: 0, y: 0.6463749, z: -0, w: 0.76302}
  m_LocalPosition: {x: -0.03898871, y: 0, z: -8.6572326e-18}
  m_LocalScale: {x: 1, y: 1, z: 1}
  m_Children:
  - {fileID: 4446513917398760}
  - {fileID: 4591304311094006}
  m_Father: {fileID: 4901083197759006}
  m_RootOrder: 0
  m_LocalEulerAnglesHint: {x: 0, y: 0, z: 0}
--- !u!4 &4308962616171724
Transform:
  m_ObjectHideFlags: 1
  m_CorrespondingSourceObject: {fileID: 0}
  m_PrefabInternal: {fileID: 100100000}
  m_GameObject: {fileID: 1306326364700384}
  m_LocalRotation: {x: 0, y: 0.2554342, z: -0, w: 0.9668265}
  m_LocalPosition: {x: -0.04510693, y: 0.002313515, z: -8.881784e-18}
  m_LocalScale: {x: 1, y: 1, z: 1}
  m_Children: []
  m_Father: {fileID: 4446513917398760}
  m_RootOrder: 0
  m_LocalEulerAnglesHint: {x: 0, y: 0, z: 0}
--- !u!4 &4446513917398760
Transform:
  m_ObjectHideFlags: 1
  m_CorrespondingSourceObject: {fileID: 0}
  m_PrefabInternal: {fileID: 100100000}
  m_GameObject: {fileID: 1140437672579288}
  m_LocalRotation: {x: 0, y: -0.17481945, z: -0, w: 0.9846005}
  m_LocalPosition: {x: -0.008469966, y: -0.0019944096, z: -7.494005e-18}
  m_LocalScale: {x: 1, y: 1, z: 1}
  m_Children:
  - {fileID: 4308962616171724}
  m_Father: {fileID: 4147329728400426}
  m_RootOrder: 0
  m_LocalEulerAnglesHint: {x: 0, y: 0, z: 0}
--- !u!4 &4473766335759312
Transform:
  m_ObjectHideFlags: 1
  m_CorrespondingSourceObject: {fileID: 0}
  m_PrefabInternal: {fileID: 100100000}
  m_GameObject: {fileID: 1885612874449320}
  m_LocalRotation: {x: 0, y: 0, z: 0, w: 1}
  m_LocalPosition: {x: 3.32, y: -1.27, z: -4.549}
  m_LocalScale: {x: 80.13513, y: 80.13513, z: 80.13513}
  m_Children:
  - {fileID: 4901083197759006}
  - {fileID: 4755695456178752}
  m_Father: {fileID: 0}
  m_RootOrder: 0
  m_LocalEulerAnglesHint: {x: 0, y: 0, z: 0}
--- !u!4 &4562862654023574
Transform:
  m_ObjectHideFlags: 1
  m_CorrespondingSourceObject: {fileID: 0}
  m_PrefabInternal: {fileID: 100100000}
  m_GameObject: {fileID: 1728423939758598}
  m_LocalRotation: {x: -7.728831e-17, y: 0.95001775, z: 7.728831e-17, w: 0.31219602}
  m_LocalPosition: {x: -0.041775227, y: 0.0022337385, z: 1.4882925e-17}
  m_LocalScale: {x: 1, y: 1, z: 1}
  m_Children: []
  m_Father: {fileID: 4591304311094006}
  m_RootOrder: 0
  m_LocalEulerAnglesHint: {x: 0, y: 0, z: 0}
--- !u!4 &4591304311094006
Transform:
  m_ObjectHideFlags: 1
  m_CorrespondingSourceObject: {fileID: 0}
  m_PrefabInternal: {fileID: 100100000}
  m_GameObject: {fileID: 1227056834490962}
  m_LocalRotation: {x: 3.905532e-17, y: 0.95001775, z: -3.905532e-17, w: -0.31219596}
  m_LocalPosition: {x: 0.007935824, y: -0.0020741858, z: -0.0032048519}
  m_LocalScale: {x: 1, y: 1, z: 1}
  m_Children:
  - {fileID: 4562862654023574}
  m_Father: {fileID: 4147329728400426}
  m_RootOrder: 1
  m_LocalEulerAnglesHint: {x: 0, y: 0, z: 0}
--- !u!4 &4755695456178752
Transform:
  m_ObjectHideFlags: 1
  m_CorrespondingSourceObject: {fileID: 0}
  m_PrefabInternal: {fileID: 100100000}
  m_GameObject: {fileID: 1967739733260542}
  m_LocalRotation: {x: 0, y: -0, z: -0, w: 1}
  m_LocalPosition: {x: -0, y: 0, z: 0}
  m_LocalScale: {x: 1, y: 1, z: 1}
  m_Children: []
  m_Father: {fileID: 4473766335759312}
  m_RootOrder: 1
  m_LocalEulerAnglesHint: {x: 0, y: 0, z: 0}
--- !u!4 &4901083197759006
Transform:
  m_ObjectHideFlags: 1
  m_CorrespondingSourceObject: {fileID: 0}
  m_PrefabInternal: {fileID: 100100000}
  m_GameObject: {fileID: 1845023515905558}
  m_LocalRotation: {x: -0, y: -0.7071068, z: 0, w: 0.7071068}
  m_LocalPosition: {x: 0.00005488532, y: 0.024271173, z: 0.050359182}
  m_LocalScale: {x: 1, y: 1, z: 1}
  m_Children:
  - {fileID: 4147329728400426}
  m_Father: {fileID: 4473766335759312}
  m_RootOrder: 0
  m_LocalEulerAnglesHint: {x: 0, y: 0, z: 0}
--- !u!65 &65241483581896376
BoxCollider:
  m_ObjectHideFlags: 1
  m_CorrespondingSourceObject: {fileID: 0}
  m_PrefabInternal: {fileID: 100100000}
  m_GameObject: {fileID: 1885612874449320}
  m_Material: {fileID: 0}
  m_IsTrigger: 0
  m_Enabled: 1
  serializedVersion: 2
  m_Size: {x: 0.13, y: 0.08, z: 0.1}
  m_Center: {x: 0, y: 0.02, z: 0.01}
--- !u!95 &95413333490151184
Animator:
  serializedVersion: 3
  m_ObjectHideFlags: 1
  m_CorrespondingSourceObject: {fileID: 0}
  m_PrefabInternal: {fileID: 100100000}
  m_GameObject: {fileID: 1885612874449320}
  m_Enabled: 1
  m_Avatar: {fileID: 9000000, guid: c680bd3aebc7d4cd696038c5c73b3d1b, type: 3}
  m_Controller: {fileID: 9100000, guid: de621ace3956043179f7f4f06c499976, type: 2}
  m_CullingMode: 1
  m_UpdateMode: 0
  m_ApplyRootMotion: 1
  m_LinearVelocityBlending: 0
  m_WarningMessage: 
  m_HasTransformHierarchy: 1
  m_AllowConstantClipSamplingOptimization: 1
  m_KeepAnimatorControllerStateOnDisable: 0
--- !u!114 &114440428579056082
MonoBehaviour:
  m_ObjectHideFlags: 1
  m_CorrespondingSourceObject: {fileID: 0}
  m_PrefabInternal: {fileID: 100100000}
  m_GameObject: {fileID: 1885612874449320}
  m_Enabled: 1
  m_EditorHideFlags: 0
  m_Script: {fileID: 11500000, guid: 85367656fbef90c4090280fa638f8eed, type: 3}
  m_Name: 
  m_EditorClassIdentifier: 
--- !u!137 &137124933187735666
SkinnedMeshRenderer:
  m_ObjectHideFlags: 1
  m_CorrespondingSourceObject: {fileID: 0}
  m_PrefabInternal: {fileID: 100100000}
  m_GameObject: {fileID: 1967739733260542}
  m_Enabled: 1
  m_CastShadows: 1
  m_ReceiveShadows: 1
  m_DynamicOccludee: 1
  m_MotionVectors: 1
  m_LightProbeUsage: 1
  m_ReflectionProbeUsage: 1
  m_RenderingLayerMask: 4294967295
  m_Materials:
  - {fileID: 2100000, guid: ccde2cc0d1698ac40b4dc250e6fb3269, type: 2}
  m_StaticBatchInfo:
    firstSubMesh: 0
    subMeshCount: 0
  m_StaticBatchRoot: {fileID: 0}
  m_ProbeAnchor: {fileID: 0}
  m_LightProbeVolumeOverride: {fileID: 0}
  m_ScaleInLightmap: 1
  m_PreserveUVs: 0
  m_IgnoreNormalsForChartDetection: 0
  m_ImportantGI: 0
  m_StitchLightmapSeams: 0
  m_SelectedEditorRenderState: 3
  m_MinimumChartSize: 4
  m_AutoUVMaxDistance: 0.5
  m_AutoUVMaxAngle: 89
  m_LightmapParameters: {fileID: 0}
  m_SortingLayerID: 0
  m_SortingLayer: 0
  m_SortingOrder: 0
  serializedVersion: 2
  m_Quality: 0
  m_UpdateWhenOffscreen: 0
  m_SkinnedMotionVectors: 1
  m_Mesh: {fileID: 4300000, guid: c680bd3aebc7d4cd696038c5c73b3d1b, type: 3}
  m_Bones:
  - {fileID: 4901083197759006}
  - {fileID: 4147329728400426}
  - {fileID: 4446513917398760}
  - {fileID: 4591304311094006}
  m_BlendShapeWeights: []
  m_RootBone: {fileID: 4901083197759006}
  m_AABB:
    m_Center: {x: -0.054962963, y: -0.0064553935, z: 0.00064074807}
    m_Extent: {x: 0.044911638, y: 0.01040159, z: 0.05197812}
  m_DirtyAABB: 0
--- !u!1818360610 &8123674492082032592
ScaleConstraint:
  m_ObjectHideFlags: 1
  m_CorrespondingSourceObject: {fileID: 0}
  m_PrefabInternal: {fileID: 100100000}
  m_GameObject: {fileID: 1885612874449320}
  m_Enabled: 1
  m_Weight: 1
  m_ScaleAtRest: {x: 80.13513, y: 80.13513, z: 80.13513}
  m_ScaleOffset: {x: 1, y: 1, z: 1}
  m_AffectScalingX: 1
  m_AffectScalingY: 1
  m_AffectScalingZ: 1
  m_IsContraintActive: 1
  m_IsLocked: 1
  m_Sources:
  - sourceTransform: {fileID: 4473766335759312}
    weight: 1
  - sourceTransform: {fileID: 4053803328020250, guid: c7501ff1da953bc4f97ca951e99d2ec2,
      type: 2}
    weight: 1
